#
# Bibtex Library file
#

#CITATION NEEDED
@UNPUBLISHED{CITATION,
 author = {{CITATION NEEDED}},
 journal = {\mnras},
 year = 3636,
 Note = {probably garbage},
}

#A
#B
#C
#D
#E
#F
#G
#H
#I
#J
#K
#L
#M
#N
#O
#P
#Q
#R
#S
#T
#U
#V
#W
#X
#Y
#Z

